<record><leader>00000cas a2200000 a 4500</leader><controlfield tag="001">9524653</controlfield><controlfield tag="008">830519c19839999be dn ne      0   a0eng c</controlfield><datafield ind1=" " ind2=" " tag="010"><subfield code="a">sc 83002468 </subfield></datafield><datafield ind1=" " ind2=" " tag="040"><subfield code="a">HUL</subfield><subfield code="b">eng</subfield><subfield code="c">HUL</subfield><subfield code="d">DLC</subfield><subfield code="d">AIP</subfield><subfield code="d">NST</subfield><subfield code="d">OCL</subfield><subfield code="d">COO</subfield><subfield code="d">NSD</subfield><subfield code="d">DLC</subfield><subfield code="d">CAS</subfield><subfield code="d">OCLCQ</subfield><subfield code="d">NYS</subfield><subfield code="d">NLGGC</subfield><subfield code="d">OCLCQ</subfield><subfield code="d">GBVCP</subfield><subfield code="d">DOS</subfield><subfield code="d">OCLCF</subfield><subfield code="d">BEDGE</subfield><subfield code="d">INU</subfield><subfield code="d">OCLCQ</subfield><subfield code="d">UKMGB</subfield></datafield><datafield ind1=" " ind2=" " tag="012"><subfield code="a">2</subfield><subfield code="l">1</subfield><subfield code="m">1</subfield></datafield><datafield ind1=" " ind2=" " tag="015"><subfield code="a">013901524</subfield><subfield code="2">dnb</subfield></datafield><datafield ind1="7" ind2=" " tag="016"><subfield code="a">721105-3</subfield><subfield code="2">DE-600</subfield></datafield><datafield ind1="7" ind2=" " tag="016"><subfield code="a">007529779</subfield><subfield code="2">Uk</subfield></datafield><datafield ind1=" " ind2=" " tag="019"><subfield code="a">643034959</subfield><subfield code="a">746927672</subfield><subfield code="a">750567242</subfield><subfield code="a">827141178</subfield><subfield code="a">896015864</subfield></datafield><datafield ind1=" " ind2=" " tag="022"><subfield code="a">0921-9986</subfield><subfield code="l">0921-9986</subfield><subfield code="2">z</subfield></datafield><datafield ind1="1" ind2=" " tag="029"><subfield code="a">AU@</subfield><subfield code="b">000020416623</subfield></datafield><datafield ind1="1" ind2=" " tag="029"><subfield code="a">NZ1</subfield><subfield code="b">5898288</subfield></datafield><datafield ind1=" " ind2=" " tag="030"><subfield code="a">WSJEAJ</subfield></datafield><datafield ind1=" " ind2=" " tag="032"><subfield code="a">013533</subfield><subfield code="b">usps</subfield></datafield><datafield ind1=" " ind2=" " tag="037"><subfield code="b">Circulation Dept., In de Cramer 37, 6411 RS Heerlen, Netherlands</subfield></datafield><datafield ind1=" " ind2=" " tag="042"><subfield code="a">pcc</subfield><subfield code="a">nsdp</subfield></datafield><datafield ind1=" " ind2=" " tag="043"><subfield code="a">e------</subfield></datafield><datafield ind1=" " ind2="4" tag="050"><subfield code="a">HG1</subfield><subfield code="b">.W258/R</subfield></datafield><datafield ind1="0" ind2=" " tag="130"><subfield code="a">Wall Street journal (Europe)</subfield></datafield><datafield ind1="0" ind2=" " tag="210"><subfield code="a">Wall Street j., Europe</subfield></datafield><datafield ind1=" " ind2="0" tag="222"><subfield code="a">Wall Street journal. Europe</subfield></datafield><datafield ind1="1" ind2="4" tag="245"><subfield code="a">The Wall Street journal.</subfield></datafield><datafield ind1=" " ind2=" " tag="250"><subfield code="a">Europe.</subfield></datafield><datafield ind1=" " ind2=" " tag="260"><subfield code="a">[Brussels, Belgium] :</subfield><subfield code="b">Dow Jones Pub. Co. (Europe),</subfield><subfield code="c">1983-</subfield></datafield><datafield ind1=" " ind2=" " tag="300"><subfield code="a">volumes :</subfield><subfield code="b">illustrations ;</subfield><subfield code="c">58 cm</subfield></datafield><datafield ind1=" " ind2=" " tag="310"><subfield code="a">Daily (except Sat., Sun., and legal holidays)</subfield></datafield><datafield ind1=" " ind2=" " tag="336"><subfield code="a">text</subfield><subfield code="b">txt</subfield><subfield code="2">rdacontent</subfield></datafield><datafield ind1=" " ind2=" " tag="337"><subfield code="a">unmediated</subfield><subfield code="b">n</subfield><subfield code="2">rdamedia</subfield></datafield><datafield ind1=" " ind2=" " tag="338"><subfield code="a">volume</subfield><subfield code="b">nc</subfield><subfield code="2">rdacarrier</subfield></datafield><datafield ind1="0" ind2=" " tag="362"><subfield code="a">Vol. 1, no. 1 (Jan. 31, 1983)-</subfield></datafield><datafield ind1=" " ind2="0" tag="650"><subfield code="a">Business</subfield><subfield code="v">Newspapers.</subfield></datafield><datafield ind1=" " ind2="0" tag="651"><subfield code="a">Europe</subfield><subfield code="x">Economic conditions</subfield><subfield code="v">Newspapers.</subfield></datafield><datafield ind1=" " ind2="7" tag="650"><subfield code="a">Conditions financie&#768;res.</subfield><subfield code="2">eclas</subfield></datafield><datafield ind1=" " ind2="7" tag="650"><subfield code="a">Conditions e&#769;conomiques.</subfield><subfield code="2">eclas</subfield></datafield><datafield ind1=" " ind2="7" tag="650"><subfield code="a">Quotidiens.</subfield><subfield code="2">eclas</subfield></datafield><datafield ind1=" " ind2="7" tag="651"><subfield code="a">Etats-Unis d'Ame&#769;rique.</subfield><subfield code="2">eclas</subfield></datafield><datafield ind1=" " ind2="7" tag="650"><subfield code="a">Business.</subfield><subfield code="2">fast</subfield><subfield code="0">(OCoLC)fst00842262</subfield></datafield><datafield ind1=" " ind2="7" tag="650"><subfield code="a">Economic history.</subfield><subfield code="2">fast</subfield><subfield code="0">(OCoLC)fst00901974</subfield></datafield><datafield ind1=" " ind2="7" tag="651"><subfield code="a">Europe.</subfield><subfield code="2">fast</subfield><subfield code="0">(OCoLC)fst01245064</subfield></datafield><datafield ind1="1" ind2="7" tag="650"><subfield code="a">Economische situatie.</subfield><subfield code="2">gtt</subfield></datafield><datafield ind1=" " ind2="7" tag="650"><subfield code="a">Zeitung.</subfield><subfield code="2">stw</subfield></datafield><datafield ind1=" " ind2="7" tag="650"><subfield code="a">Belgien.</subfield><subfield code="2">stw</subfield></datafield><datafield ind1=" " ind2="7" tag="655"><subfield code="a">Newspapers.</subfield><subfield code="2">fast</subfield><subfield code="0">(OCoLC)fst01423814</subfield></datafield><datafield ind1=" " ind2=" " tag="752"><subfield code="a">Belgium</subfield><subfield code="d">Brussels.</subfield></datafield><datafield ind1="0" ind2=" " tag="775"><subfield code="t">Wall Street journal (Eastern ed.)</subfield><subfield code="x">0099-9660</subfield><subfield code="w">(DLC)sn 79004569</subfield><subfield code="w">(OCoLC)4299067</subfield></datafield><datafield ind1="0" ind2=" " tag="775"><subfield code="t">Wall Street journal (Midwest ed.)</subfield><subfield code="g">1983-1996</subfield><subfield code="x">0163-089X</subfield><subfield code="w">(DLC)sn 79004570</subfield><subfield code="w">(OCoLC)4299121</subfield></datafield><datafield ind1="0" ind2=" " tag="775"><subfield code="t">Wall Street journal (Southwest ed.)</subfield><subfield code="g">1983-1996</subfield><subfield code="x">0193-225X</subfield><subfield code="w">(DLC)sn 79007360</subfield><subfield code="w">(OCoLC)5166090</subfield></datafield><datafield ind1="0" ind2=" " tag="775"><subfield code="t">Wall Street journal (Central ed.)</subfield><subfield code="g">1997-</subfield><subfield code="x">1092-0935</subfield><subfield code="w">(DLC)sn 96002949</subfield><subfield code="w">(OCoLC)36098632</subfield></datafield><datafield ind1="0" ind2=" " tag="775"><subfield code="t">Wall Street journal (Western ed.)</subfield><subfield code="x">0193-2241</subfield><subfield code="w">(DLC)sn 79004006</subfield><subfield code="w">(OCoLC)3787143</subfield></datafield><datafield ind1="0" ind2=" " tag="775"><subfield code="t">Asian Wall Street journal</subfield><subfield code="g">1983-Oct. 14/16, 2005</subfield><subfield code="x">0377-9920</subfield><subfield code="w">(DLC)sn 78006295</subfield><subfield code="w">(OCoLC)2841673</subfield></datafield><datafield ind1="0" ind2=" " tag="775"><subfield code="t">Wall Street journal Asia</subfield><subfield code="g">Oct. 17, 2005-</subfield><subfield code="w">(DLC)  2005261162</subfield><subfield code="w">(OCoLC)62107492</subfield></datafield><datafield ind1="0" ind2=" " tag="775"><subfield code="t">Asian Wall Street journal. Weekly</subfield><subfield code="g">1983-July 1/7, 2002</subfield><subfield code="x">0191-0132</subfield><subfield code="w">(DLC)sc 79005497</subfield><subfield code="w">(OCoLC)4771470</subfield></datafield><datafield ind1="0" ind2="8" tag="776"><subfield code="i">Microfilm version:</subfield><subfield code="t">Wall Street journal (Europe).</subfield><subfield code="d">University Microfilms International</subfield><subfield code="x">0921-9986</subfield><subfield code="w">(DLC)sn2008058012</subfield><subfield code="w">(OCoLC)22196174</subfield></datafield><datafield ind1="0" ind2="8" tag="776"><subfield code="i">Online version:</subfield><subfield code="t">Wall Street journal (Europe : Online)</subfield><subfield code="w">(DLC)  2011267073</subfield><subfield code="w">(OCoLC)232117020</subfield></datafield><datafield ind1=" " ind2=" " tag="850"><subfield code="a">CU-SB</subfield><subfield code="a">MH-BA</subfield><subfield code="a">NIC</subfield><subfield code="a">OU</subfield></datafield></record>